@inproceedings{Marlow:2008:PGG:1375634.1375637,
 author = {Marlow, Simon and Harris, Tim and James, Roshan P. and Peyton Jones, Simon},
 title = {Parallel generational-copying garbage collection with a block-structured heap},
 booktitle = {Proceedings of the 7th international symposium on Memory management},
 series = {ISMM '08},
 year = {2008},
 isbn = {978-1-60558-134-7},
 location = {Tucson, AZ, USA},
 pages = {11--20},
 numpages = {10},
 url = {http://doi.acm.org/10.1145/1375634.1375637},
 doi = {10.1145/1375634.1375637},
 acmid = {1375637},
 publisher = {ACM},
 address = {New York, NY, USA},
 keywords = {parallel garbage collection},
}


